<?xml version="1.0" encoding="UTF-8"?><collection xmlns="http://www.loc.gov/MARC21/slim"><record><leader>00337nam--2200133-i-4500</leader><controlfield tag="001">000004006</controlfield><controlfield tag="002">20161230</controlfield><controlfield tag="005">20161230201025</controlfield><controlfield tag="008">060222s1000------------r-----000-0-eng-d</controlfield><datafield ind1=" " ind2=" " tag="100"><subfield code="a">Cockcroft, John</subfield></datafield><datafield ind1=" " ind2=" " tag="245"><subfield code="a">L avenir de l energie atomique</subfield></datafield><datafield ind1=" " ind2=" " tag="260"><subfield code="a">/Geneve, F.Edit., 1955/ 14 P.Lito</subfield></datafield><datafield ind1=" " ind2=" " tag="490"><subfield code="a">Conference De Geneve</subfield></datafield><datafield ind1=" " ind2=" " tag="852"><subfield code="a">12531</subfield></datafield></record></collection>